@article{pozdanost,
      author = {Marco Cattani, Carlo Alberto Boano and Kay Römer},
      title = {An Experimental Evaluation of the Reliability of LoRa Long-Range Low-Power Wireless Communication},
      year = {2017},
      month = {June}
}

@article{lora_design,
      author = {Semtech Corporation},
      title = {LoRa Modem Designer’s Guide AN1200.13},
      year = {2015},
      month = {May}
}

@article{lora_app_note,
      author = {Semtech Corporation},
      title = {LoRa Modulation Basics AN1200.22},
      year = {2015},
      month = {May}
}

@article{study,
      author = {Aloys Augustin, Jiazi Yi, Thomas Clausen and William Mark Townsley},
      title = {A Study of LoRa: Long Range and Low Power Networks for the Internet of Things},
      year = {2016},
      month = {May}
}

@article{spec,
      author = {LoRa Alliance, Inc.},
      title = {LoRaWAN™ 1.1 Specification},
      year = {2017},
}

@article{intro,
      author = {LoRa Alliance, Inc.},
      title = {LoRaWAN ™ 101 A Technical Introduction},
      year = {2017},
}
@article{over,
      author = {LoRa Alliance, Inc.},
      title = {A technical overview of LoRa® and LoRaWAN™},
      year = {2017},
}

@article{reverse,
      author = {Mat Knight @ BASTILLE NETWORKS.},
      title = {Reversing LoRa},
      year = {2017},
}

@article{rip,
      author = {Mario Žagar, FER},
      title = {Računala i Procesi: Bežične mreže, predavanja}
}